@article{kriz05,
  author    = {Danny Krizanc and
               Pat Morin and
               Michiel H. M. Smid},
  title     = {Range Mode and Range Median Queries on Lists and Trees},
  journal   = {Nord. J. Comput.},
  volume    = {12},
  number    = {1},
  pages     = {1--17},
  year      = {2005},
  timestamp = {Wed, 03 May 2006 13:50:41 +0200},
  biburl    = {https://dblp.org/rec/journals/njc/KrizancMS05.bib},
  bibsource = {dblp computer science bibliography, https://dblp.org}
}

@inproceedings{jaco89,
  author    = {Guy Jacobson},
  title     = {Space-efficient Static Trees and Graphs},
  booktitle = {30th Annual Symposium on Foundations of Computer Science, Research
               Triangle Park, North Carolina, USA, 30 October - 1 November 1989},
  pages     = {549--554},
  publisher = {{IEEE} Computer Society},
  year      = {1989},
  url       = {https://doi.org/10.1109/SFCS.1989.63533},
  doi       = {10.1109/SFCS.1989.63533},
  timestamp = {Wed, 16 Oct 2019 14:14:54 +0200},
  biburl    = {https://dblp.org/rec/conf/focs/Jacobson89.bib},
  bibsource = {dblp computer science bibliography, https://dblp.org}
}

@article{rama07,
  author    = {Rajeev Raman and
               Venkatesh Raman and
               Srinivasa Rao Satti},
  title     = {Succinct indexable dictionaries with applications to encoding \emph{k}-ary
               trees, prefix sums and multisets},
  journal   = {{ACM} Trans. Algorithms},
  volume    = {3},
  number    = {4},
  pages     = {43},
  year      = {2007},
  url       = {https://doi.org/10.1145/1290672.1290680},
  doi       = {10.1145/1290672.1290680},
  timestamp = {Tue, 06 Nov 2018 12:51:20 +0100},
  biburl    = {https://dblp.org/rec/journals/talg/RamanRS07.bib},
  bibsource = {dblp computer science bibliography, https://dblp.org}
}

@article{chan14,
  author    = {Timothy M. Chan and
               Stephane Durocher and
               Kasper Green Larsen and
               Jason Morrison and
               Bryan T. Wilkinson},
  title     = {Linear-Space Data Structures for Range Mode Query in Arrays},
  journal   = {Theory Comput. Syst.},
  volume    = {55},
  number    = {4},
  pages     = {719--741},
  year      = {2014},
  url       = {https://doi.org/10.1007/s00224-013-9455-2},
  doi       = {10.1007/s00224-013-9455-2},
  timestamp = {Wed, 14 Nov 2018 10:26:33 +0100},
  biburl    = {https://dblp.org/rec/journals/mst/ChanDLMW14.bib},
  bibsource = {dblp computer science bibliography, https://dblp.org}
}

@article{nakp09,
  author    = {Joong Chae Na and
               Ji Eun Kim and
               Kunsoo Park and
               Dong Kyue Kim},
  title     = {Fast Computation of Rank and Select Functions for Succinct Representation},
  journal   = {{IEICE} Trans. Inf. Syst.},
  volume    = {92-D},
  number    = {10},
  pages     = {2025--2033},
  year      = {2009},
  url       = {https://doi.org/10.1587/transinf.E92.D.2025},
  doi       = {10.1587/transinf.E92.D.2025},
  timestamp = {Sat, 11 Apr 2020 15:27:04 +0200},
  biburl    = {https://dblp.org/rec/journals/ieicet/NaKPK09.bib},
  bibsource = {dblp computer science bibliography, https://dblp.org}
}

@inproceedings{vign08,
  author    = {Sebastiano Vigna},
  editor    = {Catherine C. McGeoch},
  title     = {Broadword Implementation of Rank/Select Queries},
  booktitle = {Experimental Algorithms, 7th International Workshop, {WEA} 2008, Provincetown,
               MA, USA, May 30-June 1, 2008, Proceedings},
  series    = {Lecture Notes in Computer Science},
  volume    = {5038},
  pages     = {154--168},
  publisher = {Springer},
  year      = {2008},
  url       = {https://doi.org/10.1007/978-3-540-68552-4\_12},
  doi       = {10.1007/978-3-540-68552-4\_12},
  timestamp = {Tue, 14 May 2019 10:00:42 +0200},
  biburl    = {https://dblp.org/rec/conf/wea/Vigna08.bib},
  bibsource = {dblp computer science bibliography, https://dblp.org}
}

@article{clar97,
  title={Compact pat trees},
  author={Clark, David},
  year={1997},
  publisher={University of Waterloo}
}

@article{boas77,
  author    = {Peter van Emde Boas},
  title     = {Preserving Order in a Forest in Less Than Logarithmic Time and Linear
               Space},
  journal   = {Inf. Process. Lett.},
  volume    = {6},
  number    = {3},
  pages     = {80--82},
  year      = {1977},
  url       = {https://doi.org/10.1016/0020-0190(77)90031-X},
  doi       = {10.1016/0020-0190(77)90031-X},
  timestamp = {Fri, 26 May 2017 22:54:46 +0200},
  biburl    = {https://dblp.org/rec/journals/ipl/Boas77.bib},
  bibsource = {dblp computer science bibliography, https://dblp.org}
}

@mastersthesis{gree16,
  author  = {Casper Green
             Jakob Landbo},
  title   = {Range Mode Queries in Arrays},
  school  = {AARHUS UNIVERSITY},
  year    = {2016}
}
